@article{DBLP:attention,
  author    = {Ashish Vaswani and
               Noam Shazeer and
               Niki Parmar and
               Jakob Uszkoreit and
               Llion Jones and
               Aidan N. Gomez and
               Lukasz Kaiser and
               Illia Polosukhin},
  title     = {Attention Is All You Need},
  journal   = {CoRR},
  volume    = {abs/1706.03762},
  year      = {2017},
  url       = {http://arxiv.org/abs/1706.03762},
  archivePrefix = {arXiv},
  eprint    = {1706.03762},
  timestamp = {Sat, 23 Jan 2021 01:20:40 +0100},
  biburl    = {https://dblp.org/rec/journals/corr/VaswaniSPUJGKP17.bib},
  bibsource = {dblp computer science bibliography, https://dblp.org}
}

@article{DBLP:performer,
  author    = {Krzysztof Choromanski and
               Valerii Likhosherstov and
               David Dohan and
               Xingyou Song and
               Andreea Gane and
               Tam{\'{a}}s Sarl{\'{o}}s and
               Peter Hawkins and
               Jared Davis and
               Afroz Mohiuddin and
               Lukasz Kaiser and
               David Belanger and
               Lucy Colwell and
               Adrian Weller},
  title     = {Rethinking Attention with Performers},
  journal   = {CoRR},
  volume    = {abs/2009.14794},
  year      = {2020},
  url       = {https://arxiv.org/abs/2009.14794},
  archivePrefix = {arXiv},
  eprint    = {2009.14794},
  timestamp = {Wed, 07 Oct 2020 15:59:26 +0200},
  biburl    = {https://dblp.org/rec/journals/corr/abs-2009-14794.bib},
  bibsource = {dblp computer science bibliography, https://dblp.org}
}

@article{radford2018improving:gpt,
  title={Improving language understanding by generative pre-training},
  author={Radford, Alec and Narasimhan, Karthik and Salimans, Tim and Sutskever, Ilya},
  year={2018}
}


@article{radford2019language:gpt2,
  title={Language Models are Unsupervised Multitask Learners},
  author={Radford, Alec and Wu, Jeff and Child, Rewon and Luan, David and Amodei, Dario and Sutskever, Ilya},
  year={2019}
}

@article{DBLP:gpt3,
  author    = {Tom B. Brown and
               Benjamin Mann and
               Nick Ryder and
               Melanie Subbiah and
               Jared Kaplan and
               Prafulla Dhariwal and
               Arvind Neelakantan and
               Pranav Shyam and
               Girish Sastry and
               Amanda Askell and
               Sandhini Agarwal and
               Ariel Herbert{-}Voss and
               Gretchen Krueger and
               Tom Henighan and
               Rewon Child and
               Aditya Ramesh and
               Daniel M. Ziegler and
               Jeffrey Wu and
               Clemens Winter and
               Christopher Hesse and
               Mark Chen and
               Eric Sigler and
               Mateusz Litwin and
               Scott Gray and
               Benjamin Chess and
               Jack Clark and
               Christopher Berner and
               Sam McCandlish and
               Alec Radford and
               Ilya Sutskever and
               Dario Amodei},
  title     = {Language Models are Few-Shot Learners},
  journal   = {CoRR},
  volume    = {abs/2005.14165},
  year      = {2020},
  url       = {https://arxiv.org/abs/2005.14165},
  archivePrefix = {arXiv},
  eprint    = {2005.14165},
  timestamp = {Wed, 03 Jun 2020 11:36:54 +0200},
  biburl    = {https://dblp.org/rec/journals/corr/abs-2005-14165.bib},
  bibsource = {dblp computer science bibliography, https://dblp.org}
}

@article{DBLP:bert,
  author    = {Jacob Devlin and
               Ming{-}Wei Chang and
               Kenton Lee and
               Kristina Toutanova},
  title     = {{BERT:} Pre-training of Deep Bidirectional Transformers for Language
               Understanding},
  journal   = {CoRR},
  volume    = {abs/1810.04805},
  year      = {2018},
  url       = {http://arxiv.org/abs/1810.04805},
  archivePrefix = {arXiv},
  eprint    = {1810.04805},
  timestamp = {Tue, 30 Oct 2018 20:39:56 +0100},
  biburl    = {https://dblp.org/rec/journals/corr/abs-1810-04805.bib},
  bibsource = {dblp computer science bibliography, https://dblp.org}
}

@article{DBLP:distbert,
  author    = {Victor Sanh and
               Lysandre Debut and
               Julien Chaumond and
               Thomas Wolf},
  title     = {DistilBERT, a distilled version of {BERT:} smaller, faster, cheaper
               and lighter},
  journal   = {CoRR},
  volume    = {abs/1910.01108},
  year      = {2019},
  url       = {http://arxiv.org/abs/1910.01108},
  archivePrefix = {arXiv},
  eprint    = {1910.01108},
  timestamp = {Tue, 02 Jun 2020 12:48:59 +0200},
  biburl    = {https://dblp.org/rec/journals/corr/abs-1910-01108.bib},
  bibsource = {dblp computer science bibliography, https://dblp.org}
}

@article{DBLP:roberta,
  author    = {Yinhan Liu and
               Myle Ott and
               Naman Goyal and
               Jingfei Du and
               Mandar Joshi and
               Danqi Chen and
               Omer Levy and
               Mike Lewis and
               Luke Zettlemoyer and
               Veselin Stoyanov},
  title     = {RoBERTa: {A} Robustly Optimized {BERT} Pretraining Approach},
  journal   = {CoRR},
  volume    = {abs/1907.11692},
  year      = {2019},
  url       = {http://arxiv.org/abs/1907.11692},
  archivePrefix = {arXiv},
  eprint    = {1907.11692},
  timestamp = {Thu, 01 Aug 2019 08:59:33 +0200},
  biburl    = {https://dblp.org/rec/journals/corr/abs-1907-11692.bib},
  bibsource = {dblp computer science bibliography, https://dblp.org}
}

@article{DBLP:deberta,
  author    = {Pengcheng He and
               Xiaodong Liu and
               Jianfeng Gao and
               Weizhu Chen},
  title     = {DeBERTa: Decoding-enhanced {BERT} with Disentangled Attention},
  journal   = {CoRR},
  volume    = {abs/2006.03654},
  year      = {2020},
  url       = {https://arxiv.org/abs/2006.03654},
  archivePrefix = {arXiv},
  eprint    = {2006.03654},
  timestamp = {Fri, 12 Jun 2020 14:02:57 +0200},
  biburl    = {https://dblp.org/rec/journals/corr/abs-2006-03654.bib},
  bibsource = {dblp computer science bibliography, https://dblp.org}
}

@incollection{NEURIPS2019_9015:pytorch,
title = {PyTorch: An Imperative Style, High-Performance Deep Learning Library},
author = {Paszke, Adam and Gross, Sam and Massa, Francisco and Lerer, Adam and Bradbury, James and Chanan, Gregory and Killeen, Trevor and Lin, Zeming and Gimelshein, Natalia and Antiga, Luca and Desmaison, Alban and Kopf, Andreas and Yang, Edward and DeVito, Zachary and Raison, Martin and Tejani, Alykhan and Chilamkurthy, Sasank and Steiner, Benoit and Fang, Lu and Bai, Junjie and Chintala, Soumith},
booktitle = {Advances in Neural Information Processing Systems 32},
editor = {H. Wallach and H. Larochelle and A. Beygelzimer and F. d\textquotesingle Alch\'{e}-Buc and E. Fox and R. Garnett},
pages = {8024--8035},
year = {2019},
publisher = {Curran Associates, Inc.},
url = {http://papers.neurips.cc/paper/9015-pytorch-an-imperative-style-high-performance-deep-learning-library.pdf}
}

@BOOK{Goldberg2017,
      author =       "Yoav Goldberg",
      title =        "Neural Network Methods in Natural Language Processing",
      year =         "2017",
}